<?xml version="1.0" encoding="UTF-8"?> <Document xmlns="urn:iso:std:iso:20022:tech:xsd:pain.001.001.03" xmlns:xsi="http://www.w3.org/2001/XMLSchema-instance"> <CstmrCdtTrfInitn> <GrpHdr> <MsgId>3281</MsgId> <CreDtTm>2021-09-28T17:29:43</CreDtTm> <NbOfTxs>3</NbOfTxs> <CtrlSum>19646.75</CtrlSum> <InitgPty> <Nm>Merisi NV</Nm> <Id> <OrgId> <Othr> <Id>0717850379</Id> <Issr>KBO-BCE</Issr> </Othr> </OrgId> </Id> </InitgPty> </GrpHdr> <PmtInf> <PmtInfId>MRI_ING_BE65_20210930_1</PmtInfId> <PmtMtd>TRF</PmtMtd> <BtchBookg>true</BtchBookg> <NbOfTxs>3</NbOfTxs> <CtrlSum>19646.75</CtrlSum> <PmtTpInf> <InstrPrty>NORM</InstrPrty> <SvcLvl> <Cd>SEPA</Cd> </SvcLvl> <CtgyPurp> <Cd>SUPP</Cd> </CtgyPurp> </PmtTpInf> <ReqdExctnDt>2021-09-30</ReqdExctnDt> <Dbtr> <Nm>Merisi NV</Nm> <PstlAdr> <Ctry>BE</Ctry> <AdrLine>.</AdrLine> <AdrLine>.</AdrLine> </PstlAdr> <Id> <OrgId> <Othr> <Id>0717850379</Id> <Issr>KBO-BCE</Issr> </Othr> </OrgId> </Id> </Dbtr> <DbtrAcct> <Id> <IBAN>BE65363183335696</IBAN> </Id> </DbtrAcct> <DbtrAgt> <FinInstnId> <BIC>BBRUBEBB</BIC> </FinInstnId> </DbtrAgt> <ChrgBr>SLEV</ChrgBr> <CdtTrfTxInf> <PmtId> <EndToEndId>00003281/1 2021-09-30</EndToEndId> </PmtId> <Amt> <InstdAmt Ccy="EUR">10920.25</InstdAmt> </Amt> <CdtrAgt> <FinInstnId> <BIC>KREDBEBB</BIC> </FinInstnId> </CdtrAgt> <Cdtr> <Nm>Faynakach SRL</Nm> <PstlAdr> <Ctry>BE</Ctry> <AdrLine>Kerkveld 2A Bte 6</AdrLine> </PstlAdr> </Cdtr> <CdtrAcct> <Id> <IBAN>BE21739020932803</IBAN> </Id> </CdtrAcct> <RmtInf> <Ustrd>2021/0012</Ustrd> </RmtInf> </CdtTrfTxInf> <CdtTrfTxInf> <PmtId> <EndToEndId>00003281/2 2021-09-30</EndToEndId> </PmtId> <Amt> <InstdAmt Ccy="EUR">75.00</InstdAmt> </Amt> <CdtrAgt> <FinInstnId> <BIC>GKCCBEBB</BIC> </FinInstnId> </CdtrAgt> <Cdtr> <Nm>GemeenteBestuur Kontich</Nm> <PstlAdr> <Ctry>BE</Ctry> <AdrLine>Gemeenteplein 1</AdrLine> </PstlAdr> </Cdtr> <CdtrAcct> <Id> <IBAN>BE30097111231011</IBAN> </Id> </CdtrAcct> <RmtInf> <Ustrd>303/1001/07574</Ustrd> </RmtInf> </CdtTrfTxInf> <CdtTrfTxInf> <PmtId> <EndToEndId>00003281/3 2021-09-30</EndToEndId> </PmtId> <Amt> <InstdAmt Ccy="EUR">8651.50</InstdAmt> </Amt> <CdtrAgt> <FinInstnId> <BIC>GEBABEBB</BIC> </FinInstnId> </CdtrAgt> <Cdtr> <Nm>TECHSTUFF</Nm> <PstlAdr> <Ctry>BE</Ctry> <AdrLine>Rue du Merlo 74A, Boite 3</AdrLine> </PstlAdr> </Cdtr> <CdtrAcct> <Id> <IBAN>BE76001882032695</IBAN> </Id> </CdtrAcct> <RmtInf> <Ustrd>TS_2021_08</Ustrd> </RmtInf> </CdtTrfTxInf> </PmtInf> </CstmrCdtTrfInitn> </Document>